5429 4256
658 601 2686 747 Rättegångs fullmakt in blanco för J. A. Rude¬
555 725 2690 848 berg eller den han i sitt ställe förordnar i mål vid
555 843 2696 978 Litz härads rätt emot min man J. O. Nilsson en¬
541 965 2671 1105 gående skilnad i äktenskapet; egande ombudet
545 1076 2702 1232 hvars lagliga åtgärder godkännas att uppsatta stäm¬
544 1182 2695 1339 ning och derå teckna mitt namn, försäkras Öster¬
539 1304 2698 1428 sund den 29 Augusti 1895. Anika Nilson Håf Teng¬
544 1412 2683 1542 Bevittnas af: Lars Larsson Hof Tång Ol. Olsson Ny¬
553 1520 2687 1659 hem.- vice Häradshöfdingen A. Rudeberg för¬
549 1622 2616 1763 ordnas i mitt ställe. Husås den 24 Sept. 1895.
547 1743 2666 1907 J. A. Riideberg. Bevittnas: Fr. Svensson. O. M.
555 1874 992 2021 Kyrtiom.
715 1986 2621 2119 Sedan ofvanintagna fullmakt och ansökning
541 2093 2705 2234 blifvit upplästa samt från stämningen åteck¬
542 2232 2699 2338 nadt bevis inhemtats, att densamma den 15 in¬
547 2324 2687 2453 nevarande månad svaranden delgifvits med¬
540 2443 2704 2583 gaf svaranden käromålet och erkände, att han,
539 2547 2680 2670 som icke sedan år 1891 sammanträffat med
544 2666 2703 2794 käranden, under de senaste fyra åren uppe¬
546 2782 2727 2911 hållit sig i Österåsen och sammanlefvat i brotts¬
557 2893 2720 3031 ligt förhållande med ogifta Arbetsqvinnan Mar¬
554 2986 1106 3163 gareta Lidén
724 3114 2709 3259 Det upplystes att bemälta Margareta Lidén af¬
563 3241 2714 3353 lidit den 6 Mars 1894 samt att hon icke haft barn
548 3377 1261 3462 med svaranden.
712 3479 2695 3579 Kärandeombudet anhöll om vittnes förhör med
568 3574 2727 3686 Bondesonen Salomon Salomansson och Sömmer¬
569 3688 2738 3812 skan Lovisa Christina Danrot, begge i Österålen, hvil¬
3209 573 5308 712 ka vid upprop företrädde och, då jäf emot dom
3196 688 5323 831 hvarken anfördel eller kunde utletas, fingo af¬
3196 808 5327 954 lägga vittnes eden, hvarpå de, om edens vigt er¬
3207 926 5327 1070 indrade; hvar för sig hördel och sammanstäm¬
3221 1057 5314 1155 mande berättade, att svaranden och numera
3212 1141 5329 1313 aflidna Margareta Lidén omkring 2 1/2 år in¬
3197 1261 5336 1384 till Margareta Lidens död sammantefvat i Öster¬
3207 1386 5335 1537 åten, haft gemensamt hushåll och begagnat ge¬
3200 1524 3910 1631 mensam säng.
3369 1599 5316 1746 Vittnes målen upprepades för vittnena och
3199 1722 5299 1872 blefvo af dem vidkända; hvarefter vittnena
3173 1826 5337 1982 på begäran och enligt kärandeombudets med¬
3203 1948 5335 2092 gifvande tillerkändes ersättning för inställel¬
3196 2045 5313 2175 sen, Salomon Salomonsson med tio kronor
3208 2174 5334 2289 och Lovisa Christina Danrot med sex kronor
3205 2282 5337 2441 tjugufyra öre, att af käranden till dem för¬
3196 2415 4071 2533 skotts vis utgifvas.
3403 2505 5045 2612 Svaranden erkände vittnes målen.
3268 2628 5329 2771 Kärandeombudet ingaf härpå följande prestbevis:
3370 2731 5351 2871 Att förre Fältjägaren Jonas Olof Nilsson från
3210 2846 5305 2993 Hof af nedanskrifna församling, född den 8
3236 2968 5318 3069 December 1860 (sextio), och hans hustru Annika
3236 3067 5351 3176 Nilsdotter, född den 25 Maj 1851 / femtio ett/, blefvo med
3204 3193 5337 3331 hvarandra sammanvigda den 33 December 1883 /åttio¬
3207 3309 5349 3429 tre), och att ingendera förut varit frånskild, samt
3219 3422 5350 3547 att bemälde makar i äktenskap med hvarandra haf¬
3221 3544 5340 3631 va en dotter och en son, som båda lefva, det varder
3234 3648 5367 3748 härmed på begäran intygadt för sökande af äkten kops¬
