4943 3912
2526 62 3709 225 insin i d 6 Februari 1702.
3291 549 4531 650 ögwälbohrne Hl: Grefwe, Kongl. Mayestats
3298 642 3987 786 Råd och Præsident,
3969 696 4225 849 så och
3324 842 4547 992 lög- och Wälbohrne, Ädle Ehrebohrne och
3295 937 4554 1115 Högachtade respective Herrar Lands¬
3298 1061 4572 1238 Höfdingar och samtel: Herrar Assessorer.
2716 1787 4502 1974 Hans Kongl: Mayestäts Högbbepryseliga mildhet, som
2637 1936 4487 2099 i regard till Eders Grefl: Excellences och Höglofl. Kongl:
2530 2061 4538 2252 Collegii favoradle befordran, genom den allernådigst förundte Rese
2552 2210 4458 2404 pensionen mig är wederfaren, omfattar jag med allerunderdånigste
2542 2359 4485 2563 wyrdna och ödmiukaste tacksamhet; Och alldenstund sam¬
2535 2561 4461 2713 ma Medel warit i nåder egentl: der till destinerade att jag skulle
2533 2677 4487 2869 medelst en Resa till de utländske Bergwerken göra mig informerad
2512 2823 4496 3004 uti det som Bergswesks Saker och connoissancer tillhörer och blifwa
2532 2983 4466 3150 således capadle att tiena min allernådigste Konung och sädernes
2532 3138 4449 3299 landet, det jag mig ock i alla mina lifsdagar trol:n bör och skall
2534 3252 4453 3440 näst Gudshielp ombeflyta, fördenskull har jag ock i föllie af
